%1
@article{jones2009,
author = {Thomas Jones and Shin Nagata and Monta Nakajima and Kenichiro Masuyama},
year = {2009},
title = {Prefectural branding in {Japan} – Tourism, National Parks and the {Shinshu} brand},
journal = {Place Branding and Public Diplomacy},
volume = {5},
number = {3},
pages = {192--201},
doi = {10.1057/pb.2009.13}
}

%2
@techreport{yokota2006-a,
author = {Toshiyuki Yokota},
year = {2006},
title = {Guidelines for Roadside Station – Michinoeki},
address = {Washington DC, United States of America},
institution = {World Bank}
}

%3
@misc{michinoeki,
title={What are Michi-no-Eki? Michinoeki Official Website},
url={https: //www.michi-no-eki.jp/about/english}
}

%4
@article{ogawa2001,
author={Naohito Ogawa and Soushi Suzuki},
year={2001},
title={An essay on type classification of “michinoekis” in {Hokkaido} and characteristic analysis},
journal={Studies in Regional Science},
volume={32},
number={1},
pages={369--380},
doi={10.2457/srs.32.369}
}

%5
@article{lee2016,
author = {Ye-Chan Lee and Yoo-Jick Lee},
year = {2016},
title = {A Study on the Improvement of Roadside Agricultural Product Shops},
journal = {Journal of Korean Society of Rural Planning},
volume = {22},
number = {1},
pages = {101--111},
doi={10.7851/ksrp. 2016.22.1.101}
}

%6
@inproceedings{yokota2006-b,
author = {Toshiyuki Yokota and Nagasawa Kotaro},
year = {2006},
title = {Introduction of Roadside Stations and Their Dissemination in {Asia}},
booktitle = {Transportation Research Board 85th Annual Meeting},
address = {Washington DC, United States of America}
}

%7
@article{ohe2013,
author = {Yasuo Ohe and Shinichi Kurihara},
year = {2013},
title = {Evaluating the complementary relationship between local brand farm products and rural tourism: Evidence from {Japan}},
journal = {Tourism Management},
volume = {35},
pages = {278--283},
doi = {10.1016/j.tourman.2012.07.003}
}

%8
@article{ohe2008-a,
author = {Yasuo Ohe},
year = {2008},
title = {Characteristics And Issues Of Rural Tourism In {Japan}},
journal = {WIT Transactions on Ecology and the Environment},
volume = {115},
pages = {12},
doi = {10.2495/ST080301}
}

%9
@inproceedings{ohe2008-b,
author = {Yasuo Ohe},
year = {2008},
title = {Evaluating the Diversifying Market for and Viability of Rural Tourism Activity in Japan},
booktitle = {Proceedings of the 12th Congress of the European Association of Agricultural Economists – EAAE 2008},
address = {Ghent, Belgium},
pages = {1-12},
url = {http://ageconsearch.umn.edu/record/43647},
% volume = {725-2016-49634},
% recid = {43647}
}

%10
@article{depelsmacker2018,
author = {Patrick De Pelsmacker and Sophie van Tilburg and Christian Holthof},
year = {2018},
title = {Digital marketing strategies, online reviews and hotel performance},
journal = {International Journal of Hospitality Management},
volume = {72},
pages = {47--55},
doi = {10.1016/j.ijhm.2018.01.003}
}

%11
@article{chevalier2006,
author = {Judith Chevalier and Dina Mayzlin},
year = {2006},
title = {The Effect of Word of Mouth on Sales: Online Book Reviews},
journal = {Journal of Marketing Research},
volume = {43},
number = {3},
pages = {345--354},
doi = {10.1509/jmkr.43.3.345}
}

%12
@article{liu2006,
author = {Yong Liu},
year = {2006},
title = {Word of Mouth for Movies: Its Dynamics and Impact on Box Office Revenue},
journal = {Journal of Marketing},
volume = {70},
number = {3},
pages = {74--89},
doi = {10.1509/jmkg.70.3.74}
}

%13
@article{he2013,
author = {Wu He and Shenghua Zha and Ling Li},
journal = {International Journal Of Information Management},
number = {3},
pages = {464-472},
title = {Social media competitive analysis and text mining: A case study in the pizza industry},
volume = {22},
year = {2013},
doi = {10.1016/j.ijinfomgt.2013.01.001},
}

%14
@article{nonaka2012,
author = {Hirofumi Nonaka and Akio Kobayashi and Hiroki Sakaji and Yusuke Suzuki and Hiroyuki Sakao and Shigeru Masuyama},
year = {2012},
title = {Extraction of the Effect and the Technology Terms from a Patent Document (Theory and Methodology)},
journal = {Journal of Japan Industrial Management Association},
volume = {63},
number = {2},
pages = {105--111},
}

%15
@inproceedings{oconnor2010,
author = {O'Connor, B. and Balasubramanyan, R. and Routledge, B. and Smith, N.},
booktitle = {Proceedings Of The Fourth International AAAI Conference On Weblogs And Social Media},
pages = {122-–129},
publisher = {11(1-2)},
title = {From tweets to polls: Linking text sentiment to public opinion time series},
year = {2010},
}

%16
@inproceedings{Aleman2018ICAROB,
author = {Elisa Claire {Alem\'an Carre\'on} and Hirofumi Nonaka and Toru Hiraoka and Minoru Kumano and Takao Ito and Masaharu Hirota},
title = {Emotional Contribution Analysis of Online Reviews},
booktitle = {Proceedings of The 2018 International Conference on Artificial Life and Robotics (ICAROB2018)},
volume = {23},
pages = {359--362},
address = {Beppu, Japan},
date = {2018-02-04},
year = {2018},
doi = {10.5954/ICAROB.2018.OS5-3},
issn = {2188-7829}
}

%17
@inproceedings{Horino2017IEEM,
author = {Hiroki Horino and Hirofumi Nonaka and Elisa Claire {Alem\'an Carre\'on} and Toru Hiraoka},
title = {Development of an Entropy-Based Feature Selection Method and Analysis of Online Reviews on Real Estate},
booktitle = {Proceedings from the 2017 IEEE International Conference on Industrial Engineering \& Engineering Management (2017 IEEE IEEM)},
address = {Singapore},
date = {2017-12-12},
year = {2017},
pages = {2351--2355},
doi = {10.1109/IEEM.2017.8290312},
ISSN={2157-362X}
}

%18
@article{bollen2011,
author = {Bollen, J. and Mao, H. and Zeng, X.},
journal = {Journal Of Computational Science},
number = {1},
pages = {1-8},
title = {Twitter mood predicts the stock market},
volume = {2},
year = {2011},
doi = {10.1016/j.jocs.2010.12.007},
}

%19
@inproceedings{Aleman2017ISIS,
author = {Elisa Claire {Alem\'an Carre\'on} and Hirofumi Nonaka and Toru Hiraoka},
title = {Analysis of {Chinese} Tourists in {Japan} by Text Mining of a Hotel Portal Site},
booktitle = {Proceedings from The 18th International Symposium on Advanced Intelligent Systems (ISIS2017)},
pages = {191--198},
address = {Daegu, South Korea},
date = {2017-10-12},
year = {2017},
doi = {10.6084/m9.figshare.7831853}
}

%20
@inproceedings{nonaka2014icaicta,
author = {Hirofumi Nonaka and Seiya Kawano and Toru Hiraoka and Takahisa Ota and Shigeru Masuyama},
year = {2014},
title = {Evaluating industrial cluster by using spatial auto correlation of patent applications},
booktitle = {Proceedings of the 2014 International Conference of Advanced Informatics: Concept, Theory and Application (ICAICTA)},
organization = {IEEE},
pages = {181--184}
}

%21
@inproceedings{nonaka2014itmc,
author = {Hirofumi Nonaka and Daiki Kubo and Toru Hiraoka Kimura and Takahisa Ota and Shigeru Masuyama},
year = {2014},
title = {Correlation analysis between financial data and patent score based on HITS algorithm},
booktitle = {Proceedings of the IEEE Technology Management Conference (ITMC)},
pages={1--4},
date = {2014-06-12},
isbn = {978-1-4799-3312-9},
doi={10.1109/ITMC.2014.6918607},
organization = {IEEE},
address = {Chicago, IL, USA}
}

%22
@inproceedings{nonaka2013,
author = {Hirofumi Nonaka and Seiya Kawano and Kenjiro Anai and Toru Hiraoka and Takahisa Ota and Shigeru Masuyama},
year = {2013},
title = {Assessment Method for Technology Development of an Industrial Cluster by Using Spatial Auto-correlation of Patent Applications},
journal = {Proceedings of the 43th International Conference on Computers and Industrial Engineering (CIE43)},
address = {Hong Kong, China}
}

%23
@inproceedings{nonaka2010,
author = {Hirofumi Nonaka and Akio Kobayashi and Hiroki Sakaji and Yusuke Suzuki and Hiroyuki Sakao and Shigeru Masuyama},
year = {2010},
title = {Extraction of the effect and the technology terms from a patent document},
booktitle = {Proceedings of the 40th International Conference on Computers and Industrial Engineering (CIE40)},
address = {Awaji-shima, Japan}
}

%24
@article{sakao2009,
author = {Hiroyuki Sakao and Hirofumi Nonaka and Shigeru Masuyama},
year = {2009},
title = {Extraction of the effect and the technology terms from a patent document},
journal = {Transactions of the Japanese Society for Artificial Intelligence},
volume = {24},
number = {6},
pages = {531--540}
}

%25
@article{shimizu2014,
author = {Shohei Shimizu},
year = {2014},
title = {LiNGAM: Non-Gaussian Methods for estimating causal structures},
journal = {Behaviormetrika},
volume = {41},
number = {1},
pages = {65–-98},
doi = {10.2333/bhmk.41.65}
}

%26
@inproceedings{kudo2004,
author = {Taku Kudo and Kaoru Yamamoto and Yuji Matsumoto},
year = {2004},
title = {Applying conditional random fields to Japanese morphological analysis},
booktitle = {Proceedings of The 2004 conference on empirical methods in natural language processing},
pages = {230--237},
url = {https://www.aclweb.org/anthology/W04-3230}
}

%27
@article{shannon1948,
author = {Shannon, Claude},
journal = {Bell System Technical Journal},
number = {3},
pages = {279--423},
title = {A Mathematical Theory of Communication},
volume = {27},
year = {1948},
doi = {10.1002/j.1538-7305.1948.tb01338.x},
}

%28
@article{cortes1995,
author = {Cortes, Corinna. and Vapnik, Vladimir},
journal = {Machine Learning},
number = {3},
pages = {273-297},
title = {Support-vector networks},
volume = {20},
year = {1995},
doi = {10.1007/bf00994018},
}

%29
@article{deng2007,
author = {Weijaw Deng},
year = {2007},
title = {Using a revised importance–performance analysis approach: The case of Taiwanese hot springs tourism},
journal = {Tourism Management},
volume = {28},
number = {5},
pages = {1274--1284},
doi = {10.1016/j.tourman.2006.07.010}
}

%30
@article{koberl2016,
author = {Judith K\"oberl and Franz Prettenthaler and David Neil Bird},
year = {2016},
title = {Modelling climate change impacts on tourism demand: A comparative study from {Sardinia} ({Italy}) and {Cap Bon} ({Tunisia})},
journal = {Science of The Total Environment},
volume = {543},
pages = {1039–-1053},
doi = {10.1016/j.scitotenv.2015.03.099},
notes = {Special Issue on Climate Change, Water and Security in the Mediterranean}
}

%31
@article{thomas2017,
author = {Rhodri Thomas and Neil Ormerod},
year = {2017},
title = {The (almost) imperceptible impact of tourism research on policy and practice},
journal = {Tourism Management},
volume = {62},
pages = {379-–389},
doi = {10.1016/j.tourman.2017.02.009}
}

%32
@article{brida2017,
author = {Juan Brida and Oksana Tokarchuk},
year = {2017},
title = {Tourists’ spending and adherence to shopping plans: The case of the christmas market in {Merano}, {Italy}},
journal = {Tourism Management},
volume = {61},
pages = {55--62},
doi = {10.1016/ j.tourman.2017.01.016}
}

%33
@article{pappas2017,
author = {Nikolaos Pappas and Andreas Papatheodorou},
year = {2017},
title = {Tourism and the refugee crisis in {Greece}: Perceptions and decision-making of accommodation providers},
journal = {Tourism Management},
volume = {63},
pages = {31–-41},
doi = {10.1016/j.tourman.2017.06.005}
}

%34
@article{jutten1991,
author = {Christian Jutten and Jeanny Herault},
year = {1991},
title = {Blind separation of sources, part I: An adaptive algorithm based on neuromimetic architecture},
journal = {Signal processing},
volume = {24},
number = {1},
pages = {1--10}
}

%35
@book{hyvarinen2001,
author = {Aapo Hyv\"arinen and Juha Karhunen and Erkki Oja},
year = {2001},
title = {Independent component analysis},
address = {New York, United States of America},
publisher = {Wiley-Interscience}
}

%36
@article{shimizu2006,
author = {Shohei Shimizu and Patrik Hoyer and Aapo Hyv\"arinen and Antti Kerminen},
year = {2006},
title = {A linear non-Gaussian acyclic model for causal discovery},
journal = {Journal of Machine Learning Research},
volume = {7},
date = {2006-10},
pages = {2003--2030}
}
